<record><leader>00000cas a2200000 i 4500</leader><controlfield tag="001">879650673</controlfield><controlfield tag="006">m     o  d        </controlfield><controlfield tag="007">cr |||||||||||</controlfield><controlfield tag="008">140514d18721882mtuwr neo     0   a0eng  </controlfield><datafield ind1=" " ind2=" " tag="010"><subfield code="a">  2014218358</subfield></datafield><datafield ind1=" " ind2=" " tag="040"><subfield code="a">DLC</subfield><subfield code="b">eng</subfield><subfield code="e">rda</subfield><subfield code="c">DLC</subfield><subfield code="d">OCLCF</subfield></datafield><datafield ind1="0" ind2=" " tag="022"><subfield code="a">2372-9953</subfield><subfield code="2">1</subfield></datafield><datafield ind1="1" ind2=" " tag="029"><subfield code="a">NZ1</subfield><subfield code="b">15558090</subfield></datafield><datafield ind1=" " ind2=" " tag="042"><subfield code="a">pcc</subfield><subfield code="a">nsdp</subfield></datafield><datafield ind1=" " ind2=" " tag="043"><subfield code="a">n-us-mt</subfield></datafield><datafield ind1="1" ind2="0" tag="050"><subfield code="a">ISSN RECORD</subfield></datafield><datafield ind1="0" ind2="0" tag="082"><subfield code="a">071</subfield><subfield code="2">23</subfield></datafield><datafield ind1="0" ind2=" " tag="130"><subfield code="a">Bozeman avant courier (Online)</subfield></datafield><datafield ind1=" " ind2="0" tag="222"><subfield code="a">Bozeman avant courier</subfield><subfield code="b">(Online)</subfield></datafield><datafield ind1="1" ind2="0" tag="245"><subfield code="a">Bozeman avant courier.</subfield></datafield><datafield ind1="0" ind2="0" tag="246"><subfield code="a">Avant courier</subfield></datafield><datafield ind1=" " ind2="1" tag="264"><subfield code="a">Bozeman, Montana Territory :</subfield><subfield code="b">Joseph Wright,</subfield><subfield code="c">1872-</subfield></datafield><datafield ind1=" " ind2=" " tag="300"><subfield code="a">1 online resource</subfield></datafield><datafield ind1=" " ind2=" " tag="310"><subfield code="a">Weekly</subfield><subfield code="b">Feb. 6, 1877-</subfield></datafield><datafield ind1=" " ind2=" " tag="321"><subfield code="a">Weekly</subfield><subfield code="b">July 30, 1872-Dec. 4, 1876</subfield></datafield><datafield ind1=" " ind2=" " tag="321"><subfield code="a">Semiweekly</subfield><subfield code="b">Dec. 11, 1876-Jan. 30, 1877</subfield></datafield><datafield ind1=" " ind2=" " tag="336"><subfield code="a">text</subfield><subfield code="b">txt</subfield><subfield code="2">rdacontent</subfield></datafield><datafield ind1=" " ind2=" " tag="337"><subfield code="a">computer</subfield><subfield code="b">c</subfield><subfield code="2">rdamedia</subfield></datafield><datafield ind1=" " ind2=" " tag="338"><subfield code="a">online resource</subfield><subfield code="b">cr</subfield><subfield code="2">rdacarrier</subfield></datafield><datafield ind1="1" ind2=" " tag="362"><subfield code="a">Began with Volume 1, number 47 (July 30, 1872); ceased with September 28, 1882.</subfield></datafield><datafield ind1=" " ind2=" " tag="500"><subfield code="a">"Devoted to the Development of Eastern Montana and the Encouragement of all Industrial Pursuits."</subfield></datafield><datafield ind1=" " ind2=" " tag="500"><subfield code="a">"The Pioneer paper of Eastern Montana."</subfield></datafield><datafield ind1=" " ind2=" " tag="515"><subfield code="a">Suspended with Sept. 25, 1874 issue; resumed with Nov. 7, 1874 issue.</subfield></datafield><datafield ind1=" " ind2=" " tag="588"><subfield code="a">Description based on: Volume 1, number 47 (July 30, 1872); title from masthead (Chroniclingamerica.loc.gov, viewed May 14, 2014).</subfield></datafield><datafield ind1=" " ind2=" " tag="588"><subfield code="a">Latest issue consulted: Volume 3, number 13 (December 26, 1873) (Chroniclingamerica.loc.gov, viewed May 14, 2014).</subfield></datafield><datafield ind1=" " ind2="0" tag="651"><subfield code="a">Bozeman (Mont.)</subfield><subfield code="v">Newspapers.</subfield></datafield><datafield ind1=" " ind2="7" tag="655"><subfield code="a">Newspapers.</subfield><subfield code="2">fast</subfield><subfield code="0">(OCoLC)fst01423814</subfield></datafield><datafield ind1=" " ind2="7" tag="651"><subfield code="a">Montana</subfield><subfield code="z">Bozeman.</subfield><subfield code="2">fast</subfield><subfield code="0">(OCoLC)fst01212107</subfield></datafield><datafield ind1=" " ind2=" " tag="752"><subfield code="a">United States</subfield><subfield code="b">Montana</subfield><subfield code="c">Gallatin</subfield><subfield code="d">Bozeman.</subfield></datafield><datafield ind1="0" ind2="8" tag="776"><subfield code="i">Originally issued in print:</subfield><subfield code="t">Bozeman avant courier</subfield><subfield code="x">2372-9945</subfield><subfield code="w">(DLC)sn 84038123</subfield><subfield code="w">(OCoLC)11177455</subfield></datafield><datafield ind1="0" ind2="0" tag="780"><subfield code="t">Avant courier (Bozeman, Mont. : 1871 : Online)</subfield></datafield><datafield ind1="0" ind2="0" tag="785"><subfield code="t">Weekly avant courier (Online)</subfield></datafield><datafield ind1="4" ind2="0" tag="856"><subfield code="u">http://www.loc.gov/chroniclingamerica/lccn/sn84038123/issues</subfield></datafield></record>